@mastersthesis{ben,
        author = {Blum, Ben},
        title = {Landslide: Systematic Dynamic Race Detection in Kernel Space},
        school = {Carnegie Mellon University},
        month = {May},
        year = {2012},
        address = {Pittsburgh, PA, USA},
        note = {CMU-CS-12-118},
}

@phdthesis{rob,
	author = {Robert J. Simmons},
	title = {Substructural Logical Specifications},
	school = {Carnegie Mellon University},
	month = {October},
	year = {2012},
        address = {Pittsburgh, PA, USA},
        note = {CMU-CS-12-142},
}
